<?xml version="1.0" encoding="UTF-8"?><collection xmlns="http://www.loc.gov/MARC21/slim"><record><leader>00448nam--2200145-i-4500</leader><controlfield tag="001">000046661</controlfield><controlfield tag="002">20161230</controlfield><controlfield tag="005">20161230201046</controlfield><controlfield tag="008">060222s1000------------r-----000-0-eng-d</controlfield><datafield ind1=" " ind2=" " tag="080"><subfield code="a">658.3-052.22</subfield></datafield><datafield ind1=" " ind2=" " tag="100"><subfield code="a">Vidal, Andre Et Beaussier, Jean</subfield></datafield><datafield ind1=" " ind2=" " tag="245"><subfield code="a">Organisation des structures de direction. ``top management``. nouveau tirage</subfield></datafield><datafield ind1=" " ind2=" " tag="260"><subfield code="a">Paris, Dunod, 1966, Viii+144p</subfield></datafield><datafield ind1=" " ind2=" " tag="490"><subfield code="a">Collection Voies Nouvelles De L`Organisation</subfield></datafield><datafield ind1=" " ind2=" " tag="852"><subfield code="a">24480</subfield></datafield></record></collection>